@inproceedings{enosh2014efficient,
  title={An efficient implementation of protocol operation control unit of FlexRay communication controller},
  author={Enosh, Sherin Mary and George, Naveena S},
  booktitle={2014 First International Conference on Computational Systems and Communications (ICCSC)},
  pages={256--259},
  year={2014},
  organization={IEEE}}


@article{kopetz2001comparison,
  title={A comparison of TTP/C and FlexRay},
  author={Kopetz, Hermann},
  journal={Inst. for Computer Eng., Vienna},
  volume={38},
  year={2001},
  publisher={Citeseer}
}

@inproceedings{makowitz2006flexray,
  title={Flexray-a communication network for automotive control systems},
  author={Makowitz, Rainer and Temple, Christopher},
  booktitle={2006 IEEE International Workshop on Factory Communication Systems},
  pages={207--212},
  year={2006},
  organization={IEEE}
}

@inproceedings{shaw2008introduction,
  title={An introduction to FlexRay as an industrial network},
  author={Shaw, Robert and Jackman, Brendan},
  booktitle={2008 IEEE International Symposium on Industrial Electronics},
  pages={1849--1854},
  year={2008},
  organization={IEEE}
}

@article{rausch2007flexray,
  title={FlexRay},
  author={Rausch, Mathias},
  journal={Grundlagen, Funktionsweise, Anwendung. Hanser Fachbuch},
  year={2007}
}

@inproceedings{xu2008implementation,
  title={Implementation of FlexRay protocol with an automotive application},
  author={Xu, Yi-Nan and Jang, IG and Kim, YE and Chung, JG and Lee, Sung-Chul},
  booktitle={2008 International SoC Design Conference},
  volume={2},
  pages={II--25},
  year={2008},
  organization={IEEE}
%}